%YAML 1.1
%TAG !u! tag:unity3d.com,2011:
--- !u!114 &-8873308456358611973
MonoBehaviour:
  m_ObjectHideFlags: 0
  m_CorrespondingSourceObject: {fileID: 0}
  m_PrefabInstance: {fileID: 0}
  m_PrefabAsset: {fileID: 0}
  m_GameObject: {fileID: 0}
  m_Enabled: 1
  m_EditorHideFlags: 0
  m_Script: {fileID: 11500000, guid: ceb653cd98e289a4e8697a1af55201f2, type: 3}
  m_Name: event:/SFX/chain
  m_EditorClassIdentifier: 
  Path: event:/SFX/chain
  guid: e5c0983f5166e1408fbd761494f107e7
  Banks:
  - {fileID: 7015305947480074100}
  IsStream: 0
  Is3D: 0
  IsOneShot: 1
  Parameters: []
  MinDistance: 0
  MaxDistance: 0
  Length: 6635
--- !u!114 &-7759557002040838295
MonoBehaviour:
  m_ObjectHideFlags: 0
  m_CorrespondingSourceObject: {fileID: 0}
  m_PrefabInstance: {fileID: 0}
  m_PrefabAsset: {fileID: 0}
  m_GameObject: {fileID: 0}
  m_Enabled: 1
  m_EditorHideFlags: 0
  m_Script: {fileID: 11500000, guid: ceb653cd98e289a4e8697a1af55201f2, type: 3}
  m_Name: event:/SFX/positiveBeam
  m_EditorClassIdentifier: 
  Path: event:/SFX/positiveBeam
  guid: 82ba34b0d1d2f34eb774f1c689dd1326
  Banks:
  - {fileID: 7015305947480074100}
  IsStream: 0
  Is3D: 0
  IsOneShot: 1
  Parameters: []
  MinDistance: 0
  MaxDistance: 0
  Length: 4901
--- !u!114 &-6199575630000373914
MonoBehaviour:
  m_ObjectHideFlags: 0
  m_CorrespondingSourceObject: {fileID: 0}
  m_PrefabInstance: {fileID: 0}
  m_PrefabAsset: {fileID: 0}
  m_GameObject: {fileID: 0}
  m_Enabled: 1
  m_EditorHideFlags: 0
  m_Script: {fileID: 11500000, guid: fecb8ef7f94ca804a8ab72049b86782e, type: 3}
  m_Name: parameter:/gameplayMusic/Intensity
  m_EditorClassIdentifier: 
  Name: Intensity
  Min: 0
  Max: 1
  Default: 0
  ID:
    data1: 0
    data2: 0
  Exists: 1
--- !u!114 &-5784461471233955437
MonoBehaviour:
  m_ObjectHideFlags: 0
  m_CorrespondingSourceObject: {fileID: 0}
  m_PrefabInstance: {fileID: 0}
  m_PrefabAsset: {fileID: 0}
  m_GameObject: {fileID: 0}
  m_Enabled: 1
  m_EditorHideFlags: 0
  m_Script: {fileID: 11500000, guid: ceb653cd98e289a4e8697a1af55201f2, type: 3}
  m_Name: event:/SFX/killEnemy
  m_EditorClassIdentifier: 
  Path: event:/SFX/killEnemy
  guid: fa596e15bfdd12419b5a10943421779b
  Banks:
  - {fileID: 7015305947480074100}
  IsStream: 0
  Is3D: 0
  IsOneShot: 1
  Parameters: []
  MinDistance: 0
  MaxDistance: 0
  Length: 4607
--- !u!114 &-5616631754300671230
MonoBehaviour:
  m_ObjectHideFlags: 0
  m_CorrespondingSourceObject: {fileID: 0}
  m_PrefabInstance: {fileID: 0}
  m_PrefabAsset: {fileID: 0}
  m_GameObject: {fileID: 0}
  m_Enabled: 1
  m_EditorHideFlags: 0
  m_Script: {fileID: 11500000, guid: fecb8ef7f94ca804a8ab72049b86782e, type: 3}
  m_Name: parameter:/gameplayMusic/Intensity
  m_EditorClassIdentifier: 
  Name: Intensity
  Min: 0
  Max: 1
  Default: 0
  ID:
    data1: 0
    data2: 0
  Exists: 0
--- !u!114 &-5351114990036989676
MonoBehaviour:
  m_ObjectHideFlags: 0
  m_CorrespondingSourceObject: {fileID: 0}
  m_PrefabInstance: {fileID: 0}
  m_PrefabAsset: {fileID: 0}
  m_GameObject: {fileID: 0}
  m_Enabled: 1
  m_EditorHideFlags: 0
  m_Script: {fileID: 11500000, guid: fecb8ef7f94ca804a8ab72049b86782e, type: 3}
  m_Name: parameter:/gameplayMusic/Intensity
  m_EditorClassIdentifier: 
  Name: Intensity
  Min: 0
  Max: 1
  Default: 0
  ID:
    data1: 0
    data2: 0
  Exists: 1
--- !u!114 &-4015137353779325124
MonoBehaviour:
  m_ObjectHideFlags: 0
  m_CorrespondingSourceObject: {fileID: 0}
  m_PrefabInstance: {fileID: 0}
  m_PrefabAsset: {fileID: 0}
  m_GameObject: {fileID: 0}
  m_Enabled: 1
  m_EditorHideFlags: 0
  m_Script: {fileID: 11500000, guid: ceb653cd98e289a4e8697a1af55201f2, type: 3}
  m_Name: event:/SFX/splash
  m_EditorClassIdentifier: 
  Path: event:/SFX/splash
  guid: 63c00a4a13de4c40b96aa1e83cf7a2da
  Banks:
  - {fileID: 7015305947480074100}
  IsStream: 0
  Is3D: 0
  IsOneShot: 1
  Parameters: []
  MinDistance: 0
  MaxDistance: 0
  Length: 348
--- !u!114 &-2773061647055789561
MonoBehaviour:
  m_ObjectHideFlags: 0
  m_CorrespondingSourceObject: {fileID: 0}
  m_PrefabInstance: {fileID: 0}
  m_PrefabAsset: {fileID: 0}
  m_GameObject: {fileID: 0}
  m_Enabled: 1
  m_EditorHideFlags: 0
  m_Script: {fileID: 11500000, guid: ceb653cd98e289a4e8697a1af55201f2, type: 3}
  m_Name: event:/SFX/dropItem
  m_EditorClassIdentifier: 
  Path: event:/SFX/dropItem
  guid: 95b4dbcfb2f81048899d45f339961fe7
  Banks:
  - {fileID: 7015305947480074100}
  IsStream: 0
  Is3D: 0
  IsOneShot: 1
  Parameters: []
  MinDistance: 0
  MaxDistance: 0
  Length: 4607
--- !u!114 &-764838365714191098
MonoBehaviour:
  m_ObjectHideFlags: 0
  m_CorrespondingSourceObject: {fileID: 0}
  m_PrefabInstance: {fileID: 0}
  m_PrefabAsset: {fileID: 0}
  m_GameObject: {fileID: 0}
  m_Enabled: 1
  m_EditorHideFlags: 0
  m_Script: {fileID: 11500000, guid: ceb653cd98e289a4e8697a1af55201f2, type: 3}
  m_Name: event:/SFX/takingDamage
  m_EditorClassIdentifier: 
  Path: event:/SFX/takingDamage
  guid: 20d8a348bf6e29479d042e8b5f8eea4c
  Banks:
  - {fileID: 7015305947480074100}
  IsStream: 0
  Is3D: 0
  IsOneShot: 1
  Parameters: []
  MinDistance: 0
  MaxDistance: 0
  Length: 4607
--- !u!114 &-155292964559414845
MonoBehaviour:
  m_ObjectHideFlags: 0
  m_CorrespondingSourceObject: {fileID: 0}
  m_PrefabInstance: {fileID: 0}
  m_PrefabAsset: {fileID: 0}
  m_GameObject: {fileID: 0}
  m_Enabled: 1
  m_EditorHideFlags: 0
  m_Script: {fileID: 11500000, guid: c18180ecb35941f4682ae60107b85b7c, type: 3}
  m_Name: bank:/Master.strings.bank
  m_EditorClassIdentifier: 
  Path: Assets/Audio/AudioProject/Build/Desktop/Master.strings.bank
  Name: Master.strings
  StudioPath: bank:/Master.strings
  lastModified: 637550656529002159
  LoadResult: 0
  FileSizes:
  - Name: Desktop
    Value: 1376
  Exists: 1
--- !u!114 &11400000
MonoBehaviour:
  m_ObjectHideFlags: 0
  m_CorrespondingSourceObject: {fileID: 0}
  m_PrefabInstance: {fileID: 0}
  m_PrefabAsset: {fileID: 0}
  m_GameObject: {fileID: 0}
  m_Enabled: 1
  m_EditorHideFlags: 0
  m_Script: {fileID: 11500000, guid: d32cf7c32a3ed8347bac48ef5ed56d82, type: 3}
  m_Name: FMODStudioCache
  m_EditorClassIdentifier: 
  EditorBanks:
  - {fileID: -155292964559414845}
  - {fileID: 7015305947480074100}
  EditorEvents:
  - {fileID: 5893053553516103638}
  - {fileID: 3776874910574157646}
  - {fileID: 3163167593420957443}
  - {fileID: -764838365714191098}
  - {fileID: 5487000732114142773}
  - {fileID: -4015137353779325124}
  - {fileID: -7759557002040838295}
  - {fileID: -2773061647055789561}
  - {fileID: 846372032975434070}
  - {fileID: 4972717807530549433}
  - {fileID: -8873308456358611973}
  - {fileID: -5784461471233955437}
  EditorParameters: []
  MasterBanks:
  - {fileID: 7015305947480074100}
  StringsBanks:
  - {fileID: -155292964559414845}
  stringsBankWriteTime: 637550656529002159
  cacheVersion: 6
--- !u!114 &846372032975434070
MonoBehaviour:
  m_ObjectHideFlags: 0
  m_CorrespondingSourceObject: {fileID: 0}
  m_PrefabInstance: {fileID: 0}
  m_PrefabAsset: {fileID: 0}
  m_GameObject: {fileID: 0}
  m_Enabled: 1
  m_EditorHideFlags: 0
  m_Script: {fileID: 11500000, guid: ceb653cd98e289a4e8697a1af55201f2, type: 3}
  m_Name: event:/SFX/fallingSpikes
  m_EditorClassIdentifier: 
  Path: event:/SFX/fallingSpikes
  guid: bac98baa77fbad46b3ae1173c616b1c2
  Banks:
  - {fileID: 7015305947480074100}
  IsStream: 0
  Is3D: 0
  IsOneShot: 1
  Parameters: []
  MinDistance: 0
  MaxDistance: 0
  Length: 4607
--- !u!114 &3163167593420957443
MonoBehaviour:
  m_ObjectHideFlags: 0
  m_CorrespondingSourceObject: {fileID: 0}
  m_PrefabInstance: {fileID: 0}
  m_PrefabAsset: {fileID: 0}
  m_GameObject: {fileID: 0}
  m_Enabled: 1
  m_EditorHideFlags: 0
  m_Script: {fileID: 11500000, guid: ceb653cd98e289a4e8697a1af55201f2, type: 3}
  m_Name: event:/SFX/fallingWorld
  m_EditorClassIdentifier: 
  Path: event:/SFX/fallingWorld
  guid: 16ad98ff95a2464b8df6086397f98c53
  Banks:
  - {fileID: 7015305947480074100}
  IsStream: 0
  Is3D: 0
  IsOneShot: 1
  Parameters: []
  MinDistance: 0
  MaxDistance: 0
  Length: 2656
--- !u!114 &3776874910574157646
MonoBehaviour:
  m_ObjectHideFlags: 0
  m_CorrespondingSourceObject: {fileID: 0}
  m_PrefabInstance: {fileID: 0}
  m_PrefabAsset: {fileID: 0}
  m_GameObject: {fileID: 0}
  m_Enabled: 1
  m_EditorHideFlags: 0
  m_Script: {fileID: 11500000, guid: ceb653cd98e289a4e8697a1af55201f2, type: 3}
  m_Name: event:/SFX/portal
  m_EditorClassIdentifier: 
  Path: event:/SFX/portal
  guid: 0cf342b86b5e1342a7458737fc2b4153
  Banks:
  - {fileID: 7015305947480074100}
  IsStream: 0
  Is3D: 0
  IsOneShot: 1
  Parameters: []
  MinDistance: 0
  MaxDistance: 0
  Length: 719
--- !u!114 &4972717807530549433
MonoBehaviour:
  m_ObjectHideFlags: 0
  m_CorrespondingSourceObject: {fileID: 0}
  m_PrefabInstance: {fileID: 0}
  m_PrefabAsset: {fileID: 0}
  m_GameObject: {fileID: 0}
  m_Enabled: 1
  m_EditorHideFlags: 0
  m_Script: {fileID: 11500000, guid: ceb653cd98e289a4e8697a1af55201f2, type: 3}
  m_Name: event:/Music/gameplayMusic
  m_EditorClassIdentifier: 
  Path: event:/Music/gameplayMusic
  guid: bec212819510854da79f58605009056e
  Banks:
  - {fileID: 7015305947480074100}
  IsStream: 1
  Is3D: 0
  IsOneShot: 0
  Parameters:
  - {fileID: -5351114990036989676}
  MinDistance: 0
  MaxDistance: 0
  Length: 66206
--- !u!114 &5487000732114142773
MonoBehaviour:
  m_ObjectHideFlags: 0
  m_CorrespondingSourceObject: {fileID: 0}
  m_PrefabInstance: {fileID: 0}
  m_PrefabAsset: {fileID: 0}
  m_GameObject: {fileID: 0}
  m_Enabled: 1
  m_EditorHideFlags: 0
  m_Script: {fileID: 11500000, guid: ceb653cd98e289a4e8697a1af55201f2, type: 3}
  m_Name: event:/SFX/pickupItem
  m_EditorClassIdentifier: 
  Path: event:/SFX/pickupItem
  guid: 4164ebb7ab8fff469dc7b9fbbd0bb35b
  Banks:
  - {fileID: 7015305947480074100}
  IsStream: 0
  Is3D: 0
  IsOneShot: 1
  Parameters: []
  MinDistance: 0
  MaxDistance: 0
  Length: 4607
--- !u!114 &5893053553516103638
MonoBehaviour:
  m_ObjectHideFlags: 0
  m_CorrespondingSourceObject: {fileID: 0}
  m_PrefabInstance: {fileID: 0}
  m_PrefabAsset: {fileID: 0}
  m_GameObject: {fileID: 0}
  m_Enabled: 1
  m_EditorHideFlags: 0
  m_Script: {fileID: 11500000, guid: ceb653cd98e289a4e8697a1af55201f2, type: 3}
  m_Name: event:/SFX/bullyDeath
  m_EditorClassIdentifier: 
  Path: event:/SFX/bullyDeath
  guid: 0c5a04eab748aa41adc4573b29f119e8
  Banks:
  - {fileID: 7015305947480074100}
  IsStream: 0
  Is3D: 0
  IsOneShot: 1
  Parameters: []
  MinDistance: 0
  MaxDistance: 0
  Length: 4602
--- !u!114 &7015305947480074100
MonoBehaviour:
  m_ObjectHideFlags: 0
  m_CorrespondingSourceObject: {fileID: 0}
  m_PrefabInstance: {fileID: 0}
  m_PrefabAsset: {fileID: 0}
  m_GameObject: {fileID: 0}
  m_Enabled: 1
  m_EditorHideFlags: 0
  m_Script: {fileID: 11500000, guid: c18180ecb35941f4682ae60107b85b7c, type: 3}
  m_Name: bank:/Master.bank
  m_EditorClassIdentifier: 
  Path: Assets/Audio/AudioProject/Build/Desktop/Master.bank
  Name: Master
  StudioPath: bank:/Master
  lastModified: 637550656412177556
  LoadResult: 0
  FileSizes: []
  Exists: 1
